
@misc{Ardupilot.Auto,
    author = "{ArduPilot Dev Team}",
    title = {{Auto Mode}},
    howpublished = {\url{http://ardupilot.org/copter/docs/auto-mode.html}},
    note = {Online; accessed 30 January 2018} ,
    year=2016,
}

@misc{Ardupilot.main,
    author = "{ArduPilot}",
    title = {{Developer website}},
    howpublished = {\url{http://ardupilot.org/about}},
    note = {Online; accessed 31 January 2018} ,
    year=2018,
}

@misc{ROS.main,
    author = "{Tim Smith}",
    title = {{About ROS}},
    howpublished = {\url{http://www.ros.org/about-ros/t}},
    note = {Online; accessed 31 January 2018} ,
    year=2018,
}

 

@misc{erle.rover.main,
    author = "{Erle Robotics}",
    title = {{Erle-Rover}},
    howpublished = {\url{http://erlerobotics.com/blog/erle-rover/}},
    note = {Online; accessed 31 January 2018} ,
    year=2018,
}

@misc{ardupilot.sitl.plugin,
    author = "{Buyval, Alex. Aur\'{e}lien, Roy. Maxime, Lafleur}",
    title = {{Ardupilot SITL Gazebo Plugin}},
    howpublished = {\url{https://github.com/AurelienRoy/ardupilot_sitl_gazebo_plugin/tree/master/ardupilot_sitl_gazebo_plugin}},
    note = {Online; accessed 31 January 2018} ,
    year=2015,
}

@misc{erle.simulation,
    author = "{Erle Robotics}",
    title = {{Simulation Introduction}},
    howpublished = {\url{http://docs.erlerobotics.com/simulation/intro}},
    note = {Online; accessed 31 January 2018} ,
    year=2018,
}
